@Article{Lojasiewicz1950,
  author   = {Stanisław {Łojasiewicz}},
  journal  = {{Annales de la Société Polonaise de Mathématique }},
  title    = {Une demonstration du théorème de {Fatou}},
  year     = {1950},
  pages    = {241--244},
  volume   = {22},
  keywords = {Complex functions},
  language = {French},
  mrnumber = {0038429},
  url      = {https://rcin.org.pl/publication/44441},
  zbl      = {0035.33901},
}

@Book{DiBiase1998,
  author    = {Fausto {Di Biase}},
  publisher = {{Birkhäuser Verlag}},
  title     = {{Fatou Type Theorems. Maximal Functions and Approach Regions}},
  year      = {1998},
  series    = {{Progress in Mathematics (PM)}},
  volume    = {147},
  doi       = {10.1007/978-1-4612-2310-8},
  file      = {:libri/(Progress in Mathematics 147) Fausto Di Biase (auth.) - Fatou Type Theorems_ Maximal Functions and Approach Regions-Birkhäuser Basel (1997).pdf:PDF},
  pages     = {x+152},
}

@Misc{396814,
  author       = {Daniele {Tampieri} (https://mathoverflow.net/users/113756/daniele-tampieri)},
  howpublished = {{MathOverflow}},
  note         = {URL:https://mathoverflow.net/q/396814 (version: 2022-09-17)},
  title        = {{On the remainder of a power series evaluated on the boundary of its convergence disk}},
  eprint       = {https://mathoverflow.net/q/396814},
  url          = {https://mathoverflow.net/q/396814},
}

@Book{Knopp1951,
  author    = {Konrad Knopp},
  title     = {Theory and Application of Infinite Series},
  edition   = {1964 reprint of the 2nd},
  pages     = {XII+563},
  publisher = {{Blackie \& Son}},
  file      = {:libri/Knopp_theory_and_application.pdf:PDF},
  keywords  = {Series, summability.},
  year      = {1951},
  zbl       = {0042.29203},
}

@Book{Bromwich1926,
  author     = {Thomas John I’Anson {Bromwich}},
  title      = {{An introduction to the theory of infinite series}},
  edition    = {Second},
  language   = {English},
  pages      = {xvi+535},
  publisher  = {{Macmillan}},
  titleaddon = {Revised with the assistance of {Thomas} {Murray} {MacRobert}},
  file       = {:libri/2015.148503.An-Introduction-To-The-Theory-Of-Infinite-Series-Ed1st_text.pdf:PDF},
  jfm        = {52.0208.05},
  keywords   = {40-01 Introductory exposition (textbooks, tutorial papers, etc.) pertaining to sequences, series, summability; 40Axx Convergence and divergence of infinite limiting processes.},
  place      = {London-{New} {York}},
  year       = {1926},
  zbmath     = {2586080},
}

@Book{StolzGmeiner1905,
  author    = {Otto {Stolz} and Joseph Anton {Gmeiner}},
  publisher = {{B. G. Teubner}},
  title     = {{Einleitung in die Funktionentheorie}},
  year      = {1905},
  series    = {{B. G. Teubners Sammlung von Lehrbüchernauf dem Gebiete der Mathematischen Wissenschaften mit Einschluß ihrer Anwendungen}},
  volume    = {{XIV, 2}},
  jfm       = {36.0434.01},
  language  = {German},
  pages     = {s. VIII+243-598},
  zbmath    = {2650498},
}

@Comment{jabref-meta: databaseType:bibtex;}
